<record xmlns:xsi="http://www.w3.org/2001/XMLSchema-instance" xmlns="http://www.loc.gov/MARC21/slim" xsi:schemaLocation="http://www.loc.gov/MARC21/slim http://www.loc.gov/standards/marcxml/schema/MARC21slim.xsd">

  <leader>00571nam a2200181Ia 4500</leader>
  <datafield ind2=" " ind1=" " tag="999">
    <subfield code="c">1115</subfield>
    <subfield code="d">1115</subfield>
  </datafield>
  <controlfield tag="008">180606b1996    cr ||||| |||| 00| | spa d</controlfield>
  <datafield ind2=" " tag="020" ind1=" ">
    <subfield code="a">997767-410-8</subfield>
  </datafield>
  <datafield ind2=" " tag="090" ind1=" ">
    <subfield code="a">06.03.07 </subfield>
    <subfield code="b">11</subfield>
  </datafield>
  <datafield tag="100" ind1="1" ind2=" ">
    <subfield code="a">Villalobos Morales, José Alberto</subfield>
    <subfield code="9">2625</subfield>
  </datafield>
  <datafield ind1="1" tag="245" ind2="0">
    <subfield code="a">Ciencias 7 : texto</subfield>
  </datafield>
  <datafield ind2=" " tag="260" ind1=" ">
    <subfield code="a">San José, C.R. : </subfield>
    <subfield code="b">Editorial de la Universidad de Costa Rica, </subfield>
    <subfield code="c">1996</subfield>
  </datafield>
  <datafield ind1=" " tag="300" ind2=" ">
    <subfield code="a">240 páginas</subfield>
  </datafield>
  <datafield ind2=" " ind1=" " tag="500">
    <subfield code="a">Contiene: Guía didáctica 7</subfield>
  </datafield>
  <datafield ind2="4" tag="650" ind1="1">
    <subfield code="a">ENSEÑANZA DE LAS CIENCIAS </subfield>
    <subfield code="9">996</subfield>
  </datafield>
  <datafield ind2="4" ind1="1" tag="650">
    <subfield code="a">CIENCIA Y TECNOLOGÍA </subfield>
    <subfield code="9">37</subfield>
  </datafield>
  <datafield ind1="1" tag="650" ind2="4">
    <subfield code="a">CIENCIAS NATURALES</subfield>
    <subfield code="9">1934</subfield>
  </datafield>
  <datafield ind2=" " tag="942" ind1=" ">
    <subfield code="2">z</subfield>
    <subfield code="c">01</subfield>
  </datafield>
</record>